@Book{ref,
 author    = "Milton {Abramowitz} and Irene A. {Stegun}",
 title     = "Handbook of Mathematical Functions with
              Formulas, Graphs, and Mathematical Tables",
 publisher = "Dover",
 year      =  1964,
 address   = "New York",
 edition   = "ninth Dover printing, tenth GPO printing"
}


@manual{skript,
	Author = {TU Dortmund},
	Title = {Versuch V601:Franck-Hertz Versuch},
	Url = {http://129.217.224.2/HOMEPAGE/PHYSIKER/BACHELOR/AP/SKRIPT/V601.pdf},
	Urldate = {2015-05-13}
}

@manual{IonHg,
	Author = {Rutherford 5.0 - Lexikon der Elemente},
	Title = {Erste Ionisierungsenergie},
	Url = {http://www.uniterra.de/rutherford/tab_iong.htm},
	Urldate = {2015-05-17}
}

@manual{IonEx,
	Author = {Georg--Augustus-Universität Göttingen},
	Title = {Der Franck-Hertz-Versuch},
	Url = {https://lp.uni-goettingen.de/get/text/1612},
	Urldate = {2015-05-17}
}
