@manual{styropor,
	Date-Added = {2014-11-03 18:05:03 +0000},
	Date-Modified = {2014-11-03 18:07:03 +0000},
	Lastchecked = {2014-11-02},
	Url = {http://www.chemie.de/lexikon/Polystyrol.html}
}

@manual{kuchen,
	Author = {Horst Kuchling},
	Date-Added = {2014-11-03 18:03:46 +0000},
	Date-Modified = {2014-11-03 18:04:42 +0000},
	Publisher = {Hanser Verlag},
	Title = {Taschenbuch der Physik},
	Volume = {20},
	Year = {2011}
}

@manual{V101,
	Author = {TU Dortmund},
	Title = {Versuch V101: Das Trägheitsmoment},
	Url = {http://129.217.224.2/HOMEPAGE/PHYSIKER/BACHELOR/AP/SKRIPT/Traegheit.pdf},
	Urldate = {2014-11-01}
}

@manual{V206,
	Author = {TU Dortmund},
	Title = {Versuch V101: Das Trägheitsmoment},
	Url = {http://129.217.224.2/HOMEPAGE/PHYSIKER/BACHELOR/AP/SKRIPT/V206.pdf},
	Urldate = {2014-11-11}
}

@book{hauptsaetzederthermodynamik,
	Author = {Gerthsen, C.; Meschede, Dieter},
	Title = {Gerthsen Physik},
	Publisher = {Springer Verlag},
	Year = {2010},

}