@manual{V204,
	Author = {TU Dortmund},
	Title = {Versuch V204: WÃ¤rmeleitung von Metallen},
	Url = {http://129.217.224.2/HOMEPAGE/PHYSIKER/BACHELOR/AP/SKRIPT/Waermeleitf.pdf},
	Urldate = {2014-11-06}
}
