@manual{styropor,
	Date-Added = {2014-11-03 18:05:03 +0000},
	Date-Modified = {2014-11-03 18:07:03 +0000},
	Lastchecked = {2014-11-02},
	Url = {http://www.chemie.de/lexikon/Polystyrol.html}
}

@manual{kuchen,
	Author = {Horst Kuchling},
	Date-Added = {2014-11-03 18:03:46 +0000},
	Date-Modified = {2014-11-03 18:04:42 +0000},
	Publisher = {Hanser Verlag},
	Title = {Taschenbuch der Physik},
	Volume = {20},
	Year = {2011}
}

@manual{V101,
	Author = {TU Dortmund},
	Title = {Versuch V101: Das Trägheitsmoment},
	Url = {http://129.217.224.2/HOMEPAGE/PHYSIKER/BACHELOR/AP/SKRIPT/Traegheit.pdf},
	Urldate = {2014-11-01}
}

@manual{V204,
	Author = {TU Dortmund},
	Title = {Versuch V204: Wärmeleitung von Metallen},
	Url = {http://129.217.224.2/HOMEPAGE/PHYSIKER/BACHELOR/AP/SKRIPT/Waermeleitf.pdf},
	Urldate = {2014-11-10}
}

@manual{Aluminium,
	Publisher = {Hirzel Verlag},
	Author = {Harry H. Binder},
	Title = {Harry H. Binder: Lexikon der chemischen Elemente.},
	year = {1999}
}


@manual{DichteWaermeleitfaehigkeitAluminium,
	Date-Added = {2014-11-10 20:05:03 +0000},
	Date-Modified = {2014-11-03 20:07:03 +0000},
	Lastchecked = {2014-11-10},
	Url = {http://www.webelements.com/aluminium/}
}

@manual{DatenvonWasser,
	Publisher = {Gabler Wissenschaftsverlage},
	Author = {Lechner, Lühr, Zahnke },
	Title = {Taschenbuch der Wasserwirtschaft},
	year = {2001}
}


@manual{WaermeleitfaehigkeitvMessinguEdelstahl,
	Date-Added = {2014-11-10 20:05:03 +0000},
	Date-Modified = {2014-11-03 20:07:03 +0000},
	Lastchecked = {2014-11-10},
	Url = {http://www.chemie.de/lexikon/W%C3%A4rmeleitf%C3%A4higkeit.html}
}

