@manual{styropor,
	Date-Added = {2014-11-03 18:05:03 +0000},
	Date-Modified = {2014-11-03 18:07:03 +0000},
	Lastchecked = {2014-11-02},
	Url = {http://www.chemie.de/lexikon/Polystyrol.html}
}

@manual{kuchen,
	Author = {Horst Kuchling},
	Date-Added = {2014-11-03 18:03:46 +0000},
	Date-Modified = {2014-11-03 18:04:42 +0000},
	Publisher = {Hanser Verlag},
	Title = {Taschenbuch der Physik},
	Volume = {20},
	Year = {2011}
}

@manual{V351,
	Author = {TU Dortmund},
	Title = {Versuch V351: Fourier-Analyse und -Synthese},
	Url = {http://129.217.224.2/HOMEPAGE/PHYSIKER/BACHELOR/AP/SKRIPT/V351.pdf},
	Urldate = {2015-01-13}
}

@manual{FFT,
	Author = {FH Flensburg},
	Title = {Schnelle Fourier­trans­formation (FFT)},
	Url = {http://www.iti.fh-flensburg.de/lang/algorithmen/fft/fft.htm},
	Urldate = {2015-01-14}
}
