@manual{styropor,
	Date-Added = {2014-11-03 18:05:03 +0000},
	Date-Modified = {2014-11-03 18:07:03 +0000},
	Lastchecked = {2014-11-02},
	Url = {http://www.chemie.de/lexikon/Polystyrol.html}
}

@manual{kuchen,
	Author = {Horst Kuchling},
	Date-Added = {2014-11-03 18:03:46 +0000},
	Date-Modified = {2014-11-03 18:04:42 +0000},
	Publisher = {Hanser Verlag},
	Title = {Taschenbuch der Physik},
	Volume = {20},
	Year = {2011}
}

@manual{V303,
	Author = {TU Dortmund},
	Title = {Versuch V303: Der Lock-In-Verst채rker},
	Url = {http://129.217.224.2/HOMEPAGE/PHYSIKER/BACHELOR/AP/SKRIPT/LockIn.pdf},
	Urldate = {2014-12-07}
}
@manual{v354,
	Author = {TU Dortmund},
	Title = {Versuch V354: Ged채mpfte und erzwungene Schwingungen},
	Url = {http://129.217.224.2/HOMEPAGE/PHYSIKER/BACHELOR/AP/SKRIPT/V354.pdf},
	Urldate = {2015-01-12}
}
@manual{v355,
	Author = {TU Dortmund},
	Title = {Versuch V355: Gekoppelte Schwingkreise},
	Url = {http://129.217.224.2/HOMEPAGE/PHYSIKER/BACHELOR/AP/SKRIPT/V355.pdf},
	Urldate = {2015-01-12}
}


@manual{regensburg,
	Author = {Dr. Stephan Giglberger},
	Title = {Anleitung zum Anf채ngerpraktikum A2, Versuch 5a - Lock-In-Verst채rker},
	Url = {http://www.physik.uni-regensburg.de/studium/praktika/a2/download/versuch5a.pdf},
	Urldate = {2014-12-07}
}
