@manual{styropor,
	Date-Added = {2014-11-03 18:05:03 +0000},
	Date-Modified = {2014-11-03 18:07:03 +0000},
	Lastchecked = {2014-11-02},
	Url = {http://www.chemie.de/lexikon/Polystyrol.html}
}

@manual{kuchen,
	Author = {Horst Kuchling},
	Date-Added = {2014-11-03 18:03:46 +0000},
	Date-Modified = {2014-11-03 18:04:42 +0000},
	Publisher = {Hanser Verlag},
	Title = {Taschenbuch der Physik},
	Volume = {20},
	Year = {2011}
}

@manual{V102,
	Author = {TU Dortmund},
	Title = {Versuch V102: Drehschwinungen},
	Url = {http://129.217.224.2/HOMEPAGE/PHYSIKER/BACHELOR/AP/SKRIPT/V102.pdf},
	Urldate = {2015-01-23}
}

@manual{lausitz,
	Author = {FH Lausitz},
	Title = {Messung des Erdmagnetfeldes E 11},
	Url = {http://www.hs-lausitz.de/fileadmin/user_upload/public/fak/fak2/pdf/Physiklabor/E11_Messung_des_Erdmagnetfeldes.pdf},
	Urldate = {2015-01-24}
}

@article{federstahl,
  author = {Manfred Meissner \& Hans-Juergen Schorcht},
  title = {Metallfedern - Grundlagen, Werkstoffe, Berechnung, Gestaltung und Rechnereinsatz},
  publisher = {Springer-Verlag},
  year = {2007},
  page = {54},
}