@Book{ref,
 author    = "Milton {Abramowitz} and Irene A. {Stegun}",
 title     = "Handbook of Mathematical Functions with
              Formulas, Graphs, and Mathematical Tables",
 publisher = "Dover",
 year      =  1964,
 address   = "New York",
 edition   = "ninth Dover printing, tenth GPO printing"
}


@manual{skript,
	Author = {TU Dortmund},
	Title = {Versuch V503: Der Millikan-Öltröpfchenversuch},
	Url = {http://129.217.224.2/HOMEPAGE/PHYSIKER/BACHELOR/AP/SKRIPT/V503.pdf},
	Urldate = {2015-04-20}
}
@manual{texas_instruments1,
	Author = {NIST: National Institute of Standards and Technology},
	Title = {e: elementary charge},
	Url = {http://physics.nist.gov/cgi-bin/cuu/Value?e},
	Urldate = {2015-04-25}
}
@manual{texas_instruments2,
	Author = {NIST: National Institute of Standards and Technology},
	Title = {h: Planck constant},
	Url = {http://physics.nist.gov/cgi-bin/cuu/Value?h},
	Urldate = {2015-04-25}
}
http://physics.nist.gov/cgi-bin/cuu/Value?e