@Book{ref,
 author    = "Milton {Abramowitz} and Irene A. {Stegun}",
 title     = "Handbook of Mathematical Functions with
              Formulas, Graphs, and Mathematical Tables",
 publisher = "Dover",
 year      =  1964,
 address   = "New York",
 edition   = "ninth Dover printing, tenth GPO printing"
}


@manual{skript,
	Author = {TU Dortmund},
	Title = {Versuch V500: Der Photoeffekt},
	Url = {http://129.217.224.2/HOMEPAGE/PHYSIKER/BACHELOR/AP/SKRIPT/V500.pdf},
	Urldate = {2015-04-20}
}
