@manual{styropor,
	Date-Added = {2014-11-03 18:05:03 +0000},
	Date-Modified = {2014-11-03 18:07:03 +0000},
	Lastchecked = {2014-11-02},
	Url = {http://www.chemie.de/lexikon/Polystyrol.html}
}

@manual{kuchen,
	Author = {Horst Kuchling},
	Date-Added = {2014-11-03 18:03:46 +0000},
	Date-Modified = {2014-11-03 18:04:42 +0000},
	Publisher = {Hanser Verlag},
	Title = {Taschenbuch der Physik},
	Volume = {20},
	Year = {2011}
}

@manual{V201,
	Author = {TU Dortmund},
	Title = {Versuch V201: Das Dulong-Petitesche Gesetz},
	Url = {http://129.217.224.2/HOMEPAGE/PHYSIKER/BACHELOR/AP/SKRIPT/V201.pdf},
	Urldate = {2014-11-24}
}

@manual{Gaskonstante,
	Author = {Homepage des Fundamental Constants Data Center},
	Url = {http://physics.nist.gov/cgi-bin/cuu/Value?r},
	Urldate = {2014-11-24}
}

@manual{Boltzmannkonstante,
	Author = {Homepage des Fundamental Constants Data Center},
	Url = {http://physics.nist.gov/cgi-bin/cuu/Value?k},
	Urldate = {2014-11-24}
}

@article{waermekapazitaetblei,
	author = {C.A. Sutherland, E.F. Milner, R.C. Kerby, H.Teindl, A. Melin, H.M. Bolt},
	publisher = {Wiley-VCH Verlag GmbH & Co. KGaA},
	title = {Ullmann's Encyclopedia of Industrial Chemistry},
	year = {2006}
}

@manual{Loschmidtzahl,
	Author = {Homepage des Fundamental Constants Data Center},
	Url = {http://physics.nist.gov/cgi-bin/cuu/Value?n0std},
	Urldate = {2014-11-24}
}

@manual{waermekapazitaetkupfer,
	Url = {http://www.schweizer-fn.de/stoff/wkapazitaet/wkapazitaet_metall.php},
	Urldate = {2014-11-24}
}


