@manual{styropor,
	Date-Added = {2014-11-03 18:05:03 +0000},
	Date-Modified = {2014-11-03 18:07:03 +0000},
	Lastchecked = {2014-11-02},
	Url = {http://www.chemie.de/lexikon/Polystyrol.html}
}

@manual{kuchen,
	Author = {Horst Kuchling},
	Date-Added = {2014-11-03 18:03:46 +0000},
	Date-Modified = {2014-11-03 18:04:42 +0000},
	Publisher = {Hanser Verlag},
	Title = {Taschenbuch der Physik},
	Volume = {20},
	Year = {2011}
}

@manual{V101,
	Author = {TU Dortmund},
	Title = {Versuch V101: Das Trägheitsmoment},
	Url = {http://129.217.224.2/HOMEPAGE/PHYSIKER/BACHELOR/AP/SKRIPT/Traegheit.pdf},
	Urldate = {2014-11-01}
}

@manual{V206,
	Author = {TU Dortmund},
	Title = {Versuch V101: Das Trägheitsmoment},
	Url = {http://129.217.224.2/HOMEPAGE/PHYSIKER/BACHELOR/AP/SKRIPT/V206.pdf},
	Urldate = {2014-11-11}
}

@book{hauptsaetzederthermodynamik,
	Author = {Dieter Meschede},
	Title = {Gerthsen Physik},
	Publisher = {Springer Verlag},
	Year = {2010},

}

@manual{viessmann_VITOCAL161A,
	Author = {Viessmann Werke GmbH \& Co. KG},
	Title = {Datenblatt zur Wärmepumpe VITOCAL 161-A},
	Url = {http://www.viessmann.de/content/dam/internet-global/pdf_documents/Datenblaetter/DB-5782933.pdf},
	Urldate = {2014-11-13}
}

@manual{viessmann_VITOCAL300G,
	Author = {Viessmann Werke GmbH \& Co. KG},
	Title = {Daten zur Groß-Wärmepumpe VITOCAL 300-G Pro},
	Url = {http://www.viessmann.de/de/Industrie-Gewerbe/Produkte/Grosswaermepumpen/Vitocal_300-G-W_Pro.html},
	Urldate = {2014-11-13}
}

@manual{kaeltemittel,
	Author = {Arthur Friedrichs Kältemittel GmbH},
	Url = {http://www.friedrichs-kaeltemittel.de/sortiment/kaeltemittel/},
	Urldate = {2014-11-13}
}



@book{waermekapazitaet,
	Author = {Dieter Geschke},
	Title = {Physikalisches Praktikum},
	Publisher = {12. Aufl.},
	Year = {2001}
}

@manual{V406,
	Author = {TU Dortmund},
	Title = {Versuch V406: Beugung am Spalt},
	Url = {http://129.217.224.2/HOMEPAGE/PHYSIKER/BACHELOR/AP/SKRIPT/V406.pdf},
	Urldate = {2015-4-12}
}

